@article{mack2011fifty,
  title={Fifty years of Moore's law},
  author={Mack, Chris A},
  journal={IEEE Transactions on semiconductor manufacturing},
  volume={24},
  number={2},
  pages={202--207},
  year={2011},
  publisher={IEEE}
}
@inproceedings{baumann2009multikernel,
  title={The multikernel: a new OS architecture for scalable multicore systems},
  author={Baumann, Andrew and Barham, Paul and Dagand, Pierre-Evariste and Harris, Tim and Isaacs, Rebecca and Peter, Simon and Roscoe, Timothy and Sch{\"u}pbach, Adrian and Singhania, Akhilesh},
  booktitle={Proceedings of the ACM SIGOPS 22nd symposium on Operating systems principles},
  pages={29--44},
  year={2009},
  organization={ACM}
}
@inproceedings{lozi2016linux,
  title={The Linux scheduler: a decade of wasted cores},
  author={Lozi, Jean-Pierre and Lepers, Baptiste and Funston, Justin and Gaud, Fabien and Qu{\'e}ma, Vivien and Fedorova, Alexandra},
  booktitle={Proceedings of the Eleventh European Conference on Computer Systems},
  pages={1},
  year={2016},
  organization={ACM}
}
@inproceedings{ousterhout2013sparrow,
  title={Sparrow: distributed, low latency scheduling},
  author={Ousterhout, Kay and Wendell, Patrick and Zaharia, Matei and Stoica, Ion},
  booktitle={Proceedings of the Twenty-Fourth ACM Symposium on Operating Systems Principles},
  pages={69--84},
  year={2013},
  organization={ACM}
}
@book{reinders2007intel,
  title={Intel threading building blocks: outfitting C++ for multi-core processor parallelism},
  author={Reinders, James},
  year={2007},
  publisher={" O'Reilly Media, Inc."}
}
@book{bienia2011benchmarking,
  title={Benchmarking modern multiprocessors},
  author={Bienia, Christian and Li, Kai},
  year={2011},
  publisher={Princeton University}
}
@inproceedings{bienia2008parsec,
  title={The PARSEC benchmark suite: Characterization and architectural implications},
  author={Bienia, Christian and Kumar, Sanjeev and Singh, Jaswinder Pal and Li, Kai},
  booktitle={Proceedings of the 17th international conference on Parallel architectures and compilation techniques},
  pages={72--81},
  year={2008},
  organization={ACM}
}
@inproceedings{bienia2012characteristics,
  title={Characteristics of workloads using the pipeline programming model},
  author={Bienia, Christian and Li, Kai},
  booktitle={Computer Architecture},
  pages={161--171},
  year={2012},
  organization={Springer}
}
@inproceedings{contreras2008characterizing,
  title={Characterizing and improving the performance of intel threading building blocks},
  author={Contreras, Gilberto and Martonosi, Margaret},
  booktitle={Workload Characterization, 2008. IISWC 2008. IEEE International Symposium on},
  pages={57--66},
  year={2008},
  organization={IEEE}
}
@article{anderson1992scheduler,
  title={Scheduler activations: Effective kernel support for the user-level management of parallelism},
  author={Anderson, Thomas E and Bershad, Brian N and Lazowska, Edward D and Levy, Henry M},
  journal={ACM Transactions on Computer Systems (TOCS)},
  volume={10},
  number={1},
  pages={53--79},
  year={1992},
  publisher={ACM}
}
@book{blumofe1995cilk,
  title={Cilk: An efficient multithreaded runtime system},
  author={Blumofe, Robert D and Joerg, Christopher F and Kuszmaul, Bradley C and Leiserson, Charles E and Randall, Keith H and Zhou, Yuli},
  volume={30},
  number={8},
  year={1995},
  publisher={ACM}
}
@inproceedings{kale1993charm++,
  title={CHARM++: a portable concurrent object oriented system based on C++},
  author={Kale, Laxmikant V and Krishnan, Sanjeev},
  booktitle={ACM Sigplan Notices},
  volume={28},
  number={10},
  pages={91--108},
  year={1993},
  organization={ACM}
}
@article{dagum1998openmp,
  title={OpenMP: an industry standard API for shared-memory programming},
  author={Dagum, Leonardo and Menon, Ramesh},
  journal={IEEE computational science and engineering},
  volume={5},
  number={1},
  pages={46--55},
  year={1998},
  publisher={IEEE}
}
@inproceedings{kale1990chare,
  title={The Chare Kernel Parallel Programming Language and System.},
  author={Kale, Laxmikant V},
  booktitle={ICPP (2)},
  pages={17--25},
  year={1990}
}
@inproceedings{von2003capriccio,
  title={Capriccio: scalable threads for internet services},
  author={Von Behren, Rob and Condit, Jeremy and Zhou, Feng and Necula, George C and Brewer, Eric},
  booktitle={ACM SIGOPS Operating Systems Review},
  volume={37},
  number={5},
  pages={268--281},
  year={2003},
  organization={ACM}
}
@book{engler1995exokernel,
  title={Exokernel: An operating system architecture for application-level resource management},
  author={Engler, Dawson R and Kaashoek, M Frans and others},
  volume={29},
  number={5},
  year={1995},
  publisher={ACM}
}
@inproceedings{goyal1996hierarchical,
  title={A hierarchical CPU scheduler for multimedia operating systems},
  author={Goyal, Pawan and Guo, Xingang and Vin, Harrick M},
  booktitle={OSDI},
  volume={96},
  number={22},
  pages={107--121},
  year={1996}
}
@article{leijen2009design,
  title={The design of a task parallel library},
  author={Leijen, Daan and Schulte, Wolfram and Burckhardt, Sebastian},
  journal={Acm Sigplan Notices},
  volume={44},
  number={10},
  pages={227--242},
  year={2009},
  publisher={ACM}
}
@article{gropp1996high,
  title={A high-performance, portable implementation of the MPI message passing interface standard},
  author={Gropp, William and Lusk, Ewing and Doss, Nathan and Skjellum, Anthony},
  journal={Parallel computing},
  volume={22},
  number={6},
  pages={789--828},
  year={1996},
  publisher={Elsevier}
}
@inproceedings{hellerstein2009configuring,
  title={Configuring resource managers using model fuzzing: A case study of the. NET thread pool},
  author={Hellerstein, Joseph L},
  booktitle={Integrated Network Management, 2009. IM'09. IFIP/IEEE International Symposium on},
  pages={1--8},
  year={2009},
  organization={IEEE}
}
@article{hellerstein2008optimizing,
  title={Optimizing Concurrency Levels in the .NET ThreadPool: A Case Study of Controller Design and Implementation},
  author={Hellerstein, Joseph L and Morrison, Vance and Eilebrecht, Eric},
  journal={Feedback Control Implementation and Design in Computing Systems and Networks},
  year={2008}
}
@inproceedings{di2012characterization,
  title={Characterization and comparison of cloud versus grid workloads},
  author={Di, Sheng and Kondo, Derrick and Cirne, Walfredo},
  booktitle={Cluster Computing (CLUSTER), 2012 IEEE International Conference on},
  pages={230--238},
  year={2012},
  organization={IEEE}
}
@inproceedings{woo1995splash,
  title={The SPLASH-2 programs: Characterization and methodological considerations},
  author={Woo, Steven Cameron and Ohara, Moriyoshi and Torrie, Evan and Singh, Jaswinder Pal and Gupta, Anoop},
  booktitle={Computer Architecture, 1995. Proceedings., 22nd Annual International Symposium on},
  pages={24--36},
  year={1995},
  organization={IEEE}
}
@inproceedings{ousterhout1982scheduling,
  title={Scheduling Techniques for Concurrebt Systems.},
  author={Ousterhout, John K and others},
  booktitle={ICDCS},
  volume={82},
  pages={22--30},
  year={1982}
}
@inproceedings{chowdhury2014efficient,
  title={Efficient coflow scheduling with varys},
  author={Chowdhury, Mosharaf and Zhong, Yuan and Stoica, Ion},
  booktitle={ACM SIGCOMM Computer Communication Review},
  volume={44},
  number={4},
  pages={443--454},
  year={2014},
  organization={ACM}
}
@phdthesis{waterman2012coordinated,
  title={Coordinated Resource Management in Networked Embedded Systems},
  author={Waterman, Jason},
  year={2012}
}
@inproceedings{bhattacharya2013hierarchical,
  title={Hierarchical scheduling for diverse datacenter workloads},
  author={Bhattacharya, Arka A and Culler, David and Friedman, Eric and Ghodsi, Ali and Shenker, Scott and Stoica, Ion},
  booktitle={Proceedings of the 4th annual Symposium on Cloud Computing},
  pages={4},
  year={2013},
  organization={ACM}
}
@inproceedings{yoo2003slurm,
  title={Slurm: Simple linux utility for resource management},
  author={Yoo, Andy B and Jette, Morris A and Grondona, Mark},
  booktitle={Workshop on Job Scheduling Strategies for Parallel Processing},
  pages={44--60},
  year={2003},
  organization={Springer}
}
@phdthesis{regehr2001using,
  title={Using hierarchical scheduling to support soft real-time applications in general-purpose operating systems},
  author={Regehr, John D},
  year={2001},
  school={University of Virginia}
}
@inproceedings{philbin1996thread,
  title={Thread scheduling for cache locality},
  author={Philbin, James and Edler, Jan and Anshus, Otto J and Douglas, Craig C and Li, Kai},
  booktitle={ACM SIGOPS Operating Systems Review},
  volume={30},
  number={5},
  pages={60--71},
  year={1996},
  organization={ACM}
}
@article{blagodurov2010contention,
  title={Contention-aware scheduling on multicore systems},
  author={Blagodurov, Sergey and Zhuravlev, Sergey and Fedorova, Alexandra},
  journal={ACM Transactions on Computer Systems (TOCS)},
  volume={28},
  number={4},
  pages={8},
  year={2010},
  publisher={ACM}
}
@inproceedings{blagodurov2010case,
  title={A case for NUMA-aware contention management on multicore systems},
  author={Blagodurov, Sergey and Zhuravlev, Sergey and Fedorova, Alexandra and Kamali, Ali},
  booktitle={Proceedings of the 19th international conference on Parallel architectures and compilation techniques},
  pages={557--558},
  year={2010},
  organization={ACM}
}
@inproceedings{chandra2005predicting,
  title={Predicting inter-thread cache contention on a chip multi-processor architecture},
  author={Chandra, Dhruba and Guo, Fei and Kim, Seongbeom and Solihin, Yan},
  booktitle={High-Performance Computer Architecture, 2005. HPCA-11. 11th International Symposium on},
  pages={340--351},
  year={2005},
  organization={IEEE}
}
@inproceedings{hindman2011mesos,
  title={Mesos: A Platform for Fine-Grained Resource Sharing in the Data Center.},
  author={Hindman, Benjamin and Konwinski, Andy and Zaharia, Matei and Ghodsi, Ali and Joseph, Anthony D and Katz, Randy H and Shenker, Scott and Stoica, Ion},
  booktitle={NSDI},
  volume={11},
  number={2011},
  pages={22--22},
  year={2011}
}
@inproceedings{ghodsi2011dominant,
  title={Dominant Resource Fairness: Fair Allocation of Multiple Resource Types.},
  author={Ghodsi, Ali and Zaharia, Matei and Hindman, Benjamin and Konwinski, Andy and Shenker, Scott and Stoica, Ion}
}
@article{topcuoglu2002performance,
  title={Performance-effective and low-complexity task scheduling for heterogeneous computing},
  author={Topcuoglu, Haluk and Hariri, Salim and Wu, Min-you},
  journal={IEEE transactions on parallel and distributed systems},
  volume={13},
  number={3},
  pages={260--274},
  year={2002},
  publisher={IEEE}
}
@article{liu1973scheduling,
  title={Scheduling algorithms for multiprogramming in a hard-real-time environment},
  author={Liu, Chung Laung and Layland, James W},
  journal={Journal of the ACM (JACM)},
  volume={20},
  number={1},
  pages={46--61},
  year={1973},
  publisher={ACM}
}
@inproceedings{molnar2007cfs,
  title={CFS scheduler},
  author={Molnar, Ingo},
  booktitle={Linux},
  volume={2},
  pages={36},
  year={2007}
}
@inproceedings{shue2012performance,
  title={Performance Isolation and Fairness for Multi-Tenant Cloud Storage.},
  author={Shue, David and Freedman, Michael J}
}

@phdthesis{krebs2015performance,
  title={Performance Isolation in Multi-Tenant Applications},
  author={Krebs, Rouven},
  year={2015},
  school={Karlsruhe Institute of Technology}
}
@inproceedings{henderson1995job,
  title={Job scheduling under the portable batch system},
  author={Henderson, Robert L},
  booktitle={Workshop on Job Scheduling Strategies for Parallel Processing},
  pages={279--294},
  year={1995},
  organization={Springer}
}
@article{kish2002end,
  title={End of Moore's law: thermal (noise) death of integration in micro and nano electronics},
  author={Kish, Laszlo B},
  journal={Physics Letters A},
  volume={305},
  number={3},
  pages={144--149},
  year={2002},
  publisher={Elsevier}
}
@manual{intel2005pentiumee,
	title={Intel's first dual-core processor-based platform},
    organization={Intel Corporation},
    year={2005}
}
@manual{intel2013xeonphi3120a,
	title={Intel Xeon Phi Coprocessor 3120A},
    organization={Intel Corporation},
    year={2013}
}
@article{multitenancy2012enforcing,
  title={Enforcing multitenancy for cloud computing environments},
  author={Multitenancy, Achieving},
  year={2012}
}
@inproceedings{li2007quantifying,
  title={Quantifying the cost of context switch},
  author={Li, Chuanpeng and Ding, Chen and Shen, Kai},
  booktitle={Proceedings of the 2007 workshop on Experimental computer science},
  pages={2},
  year={2007},
  organization={ACM}
}
@article{decandia2007dynamo,
  title={Dynamo: amazon's highly available key-value store},
  author={DeCandia, Giuseppe and Hastorun, Deniz and Jampani, Madan and Kakulapati, Gunavardhan and Lakshman, Avinash and Pilchin, Alex and Sivasubramanian, Swaminathan and Vosshall, Peter and Vogels, Werner},
  journal={ACM SIGOPS operating systems review},
  volume={41},
  number={6},
  pages={205--220},
  year={2007},
  publisher={ACM}
}
@inproceedings{li2009scheduler,
  title={Efficient and Scalable Multiprocessor Fair Scheduling Using Distributed Weighted Round-Robin},
  author={Li, Tong and Baumberger, Dan and Hahn, Scott },
  journal={ACM SIGPLAN Principles and Practice of Parallel Computing 2009 },
  year={2009},
  publisher={ACM}
}